<?xml version="1.0" encoding="UTF-8"?><collection xmlns="http://www.loc.gov/MARC21/slim"><record><leader>00485nam--2200157-i-4500</leader><controlfield tag="001">000041149</controlfield><controlfield tag="002">20161230</controlfield><controlfield tag="005">20161230201043</controlfield><controlfield tag="008">060222s1000------------r-----000-0-eng-d</controlfield><datafield ind1=" " ind2=" " tag="040"><subfield code="a">IFIN-HH</subfield></datafield><datafield ind1="1" ind2=" " tag="100"><subfield code="a">Sedov, L.I</subfield></datafield><datafield ind1="1" ind2="0" tag="245"><subfield code="a">Similarity and dimensional methods in mechanics</subfield><subfield code="b">Translation edited by maurice holt. translation by morris friedman</subfield><subfield code="c">L.I. Sedov</subfield></datafield><datafield ind1=" " ind2=" " tag="260"><subfield code="a">London, Infoserach Ltd., 1959,</subfield></datafield><datafield ind1=" " ind2=" " tag="300"><subfield code="a">XVI + 363P</subfield></datafield><datafield ind1=" " ind2=" " tag="852"><subfield code="a">14277</subfield><subfield code="c">531.7</subfield></datafield><datafield ind1=" " ind2=" " tag="CAT"><subfield code="a">Sys</subfield><subfield code="c">20100709</subfield><subfield code="h">095839</subfield></datafield></record></collection>